@article{lenz1920,
  author = {Lenz, Wilhelm},
  journal = {Physikalische Zeitschrift},
  title = {{Beiträge zum Verständnis der magnetischen Eigenschaften in festen Körpern}},
  volume = {21},
  pages = {613-615}, 
  year  = {1920}
}

@article{peirerls1936, 
    author = {Peierls, Rudolf}, 
    journal = {Mathematical Proceedings of the Cambridge Philosophical Society}, 
    title = {{On Ising's model of ferromagnetism}}, 
    volume = {32}, 
    year = {1936}
}

@book{griffiths, 
    author = {Griffiths, David }, 
    title = {{Introduction to Quantum Mechanics}}, 
    publisher = {Cambridge University Press},
    edition = {3},
    year = {2018}
}

@book{koller, 
    author = {Koller, Daphne}, 
    title = {{Probabilistic Graphical Models}}, 
    publisher = {The MIT Press}, 
    year = {2009}
}